@online{computadoras2022rfid,  
  author       = {Computadoras y Sensores},
  title        = {RFID RC522 con Raspberry Pi Pico y Códigos en MicroPython para simple Control de Acceso},
  year         = {2022},
  month        = sep,
  day          = {13},
  url          = {https://www.youtube.com/watch?v=bvn_o39uXac},
  note         = {Video File}
}
@misc{danjperron2022mfrc522,
  author       = {Daniel Perron},
  title        = {MicroPython MFRC522 Library},
  year         = {2022},
  url          = {https://github.com/danjperron/micropython-mfrc522/blob/master/mfrc522.py},
  note         = {GitHub Repository}
}
@online{sam2023ble,
  author       = {Sam},
  title        = {Cómo usar BLE Bluetooth Low Energy con Micropython},
  year         = {2023},
  month        = nov,
  day          = {18},
  url          = {https://www.youtube.com/watch?v=zvJ9SnAg6jU},
  note         = {Video File}
}

@misc{micropythonBluetoothExamples,
  author       = {MicroPython},
  title        = {MicroPython Bluetooth Examples},
  year         = {2023},
  url          = {https://github.com/micropython/micropython/tree/master/examples/bluetooth},
  note         = {GitHub Repository}
}
@misc{manzoni2024lab6,
  author       = {P. Manzoni},
  title        = {LAB 6: REST},
  year         = {2024},
  url          = {https://pmanzoni.notion.site/LAB-6-REST-d487dab1b7e24d56b31d8e552a480888},
  note         = {Notion}
}
@misc{abelharo2024lectura,
  author       = {A. Haro},
  title       =  {RFID-RC522 Key Reading},
  year        = {2024},
  url         = {https://github.com/AbelHaro/RFID-RC522-Key-Reading},
  note        = {GitHub Repository}
}
